@article{ppg,
  title={Advances in photopletysmography signal analysis for biomedical applications},
  author={Moraes, Jermana L and Rocha, Matheus X and Vasconcelos, Glauber G and Vasconcelos Filho, Jos{\'e} E and De Albuquerque, Victor Hugo C and Alexandria, Auzuir R},
  journal={Sensors},
  volume={18},
  number={6},
  pages={1894},
  year={2018},
  publisher={Multidisciplinary Digital Publishing Institute}
}